@article{fearnhead2019detecting,
  title={Detecting Changes in Slope with an $l_0$ Penalty},
  author={Fearnhead, Paul and Maidstone, Robert and Letchford, Adam},
  journal={Journal of Computational and Graphical Statistics},
  volume={28},
  number={2},
  pages={265--275},
  year={2019},
  doi={10.1080/10618600.2018.1512868},
  publisher={Taylor \& Francis}
}
@article{baranowski2016narrowest,
  title={Narrowest-Over-Threshold Detection of Multiple Change-Points and Change-Point-like Features},
  author={Baranowski, Rafal and Chen, Yining and Fryzlewicz, Piotr},
  journal={Journal of the Royal Statistical Society B},
  year={2019},
  volume={81},
  doi={10.1111/rssb.12322},
  pages={649-672}
}
@article{callies2013interpreting,
  title={Interpreting Energy and Tracer Spectra of Upper-Ocean Turbulence in the Submesoscale range (1--200 km)},
  author={Callies, J{\"o}rn and Ferrari, Raffaele},
  journal={Journal of Physical Oceanography},
  volume={43},
  number={11},
  pages={2456--2474},
  doi={10.1175/JPO-D-13-063.1},
  year={2013}
}
@article{truong2018ruptures,
  title={\pkg{ruptures}: Change Point Detection in \proglang{Python}},
  author={Truong, Charles and Oudre, Laurent and Vayatis, Nicolas},
  journal={arXiv preprint arXiv:1801.00826},
  year={2018}
}
@article{soufflet2016effective,
  title={On effective resolution in ocean models},
  author={Soufflet, Yves and Marchesiello, Patrick and Lemari{\'e}, Florian and Jouanno, Julien and Capet, Xavier and Debreu, Laurent and Benshila, Rachid},
  journal={Ocean Modelling},
  volume={98},
  pages={36--50},
  year={2016},
  doi={10.1016/j.ocemod.2015.12.004},
  publisher={Elsevier}
}
@article{killick2012optimal,
  title={Optimal Detection of Changepoints with a Linear Computational Cost},
  author={Killick, Rebecca and Fearnhead, Paul and Eckley, Idris A},
  journal={Journal of the American Statistical Association},
  volume={107},
  number={500},
  doi={10.1080/01621459.2012.737745},
  pages={1590--1598},
  year={2012},
  publisher={Taylor \& Francis}
}
@article{maidstone2017optimal,
  title={On Optimal Multiple Changepoint Algorithms for Large Data},
  author={Maidstone, Robert and Hocking, Toby and Rigaill, Guillem and Fearnhead, Paul},
  journal={Statistics and Computing},
  volume={27},
  number={2},
  pages={519--533},
  year={2017},
  doi={10.1007/s11222-016-9636-3},
  publisher={Springer}
}
@article{jackson2005algorithm,
  title={An Algorithm for Optimal Partitioning of Data on an Interval},
  author={Jackson, Brad and Scargle, Jeffrey D and Barnes, David and Arabhi, Sundararajan and Alt, Alina and Gioumousis, Peter and Gwin, Elyus and Sangtrakulcharoen, Paungkaew and Tan, Linda and Tsai, Tun Tao},
  journal={IEEE Signal Processing Letters},
  volume={12},
  number={2},
  doi={10.1109/LSP.2001.838216},
  pages={105--108},
  year={2005},
  publisher={IEEE}
}
@article{kim2009ell_1,
  title={$\ell_1$ Trend Filtering},
  author={Kim, Seung-Jean and Koh, Kwangmoo and Boyd, Stephen and Gorinevsky, Dimitry},
  journal={SIAM Review},
  volume={51},
  number={2},
  pages={339--360},
  year={2009},
  doi={10.1137/070690274},
  publisher={SIAM}
}

@article{tibshirani2014adaptive,
  title={Adaptive Piecewise Polynomial Estimation via Trend Filtering},
  author={Tibshirani, Ryan J},
  journal={The Annals of Statistics},
  volume={42},
  number={1},
  pages={285--323},
  doi={10.1214/13-AOS1189},
  year={2014},
  publisher={Institute of Mathematical Statistics}
}

@article{haynes2017computationally,
  title={Computationally Efficient Changepoint Detection for a Range of Penalties},
  author={Haynes, Kaylea and Eckley, Idris A and Fearnhead, Paul},
  journal={Journal of Computational and Graphical Statistics},
  volume={26},
  number={1},
  pages={134--143},
  year={2017},
  doi={10.1080/10618600.2015.1116445},
  publisher={Taylor \& Francis}
}

@Manual{cpop-package,
    title = {\pkg{cpop}: Detection of Multiple Changes in Slope in Univariate Time-Series},
    author = {Daniel Grose and Paul Fearnhead},
    year = {2022},
    note = {R package version 1.0.0},
    url = {https://CRAN.R-project.org/package=cpop},
  }
  
  @article{fryzlewicz2014wild,
  title={Wild Binary Segmentation for Multiple Change-point Detection},
  author={Fryzlewicz, Piotr},
  journal={The Annals of Statistics},
  volume={42},
  number={6},
  pages={2243--2281},
  doi={10.1214/14-AOS1245},
  year={2014},
  publisher={Institute of Mathematical Statistics}
}

@article{kovacs2020seeded,
  title={Seeded Binary Segmentation: {A} General Methodology for Fast and Optimal Change Point Detection},
  author={Kov{\'a}cs, Solt and Li, Housen and B{\"u}hlmann, Peter and Munk, Axel},
  journal={Biometrika, to appear},
  year={2022}
}

@article{scott1974cluster,
  title={A Cluster Analysis Method for Grouping Means in the Analysis of Variance},
  author={Scott, Andrew Jhon and Knott, M},
  journal={Biometrics},
  pages={507--512},
  year={1974},
  volume=30,
  number=3
}
@article{niu2012screening,
author = {Yue S. Niu and Heping Zhang},
title = {{The Screening and Ranking Algorithm to Detect DNA Copy Number Variations}},
volume = {6},
journal = {The Annals of Applied Statistics},
number = {3},
publisher = {Institute of Mathematical Statistics},
pages = {1306 -- 1326},
year = {2012},
doi = {10.1214/12-AOAS539}
}

@article{jewell2020fast,
  title={Fast Nonconvex Deconvolution of Calcium Imaging Data},
  author={Jewell, Sean W and Hocking, Toby Dylan and Fearnhead, Paul and Witten, Daniela M},
  journal={Biostatistics},
  volume={21},
  number={4},
  pages={709--726},
  doi={10.1093/biostatistics/kxy083},
  year={2020},
  publisher={Oxford University Press}
}

@article{fearnhead2020relating,
  title={Relating and Comparing Methods for Detecting Changes in Mean},
  author={Fearnhead, Paul and Rigaill, Guillem},
  journal={Stat},
  volume={9},
  number={1},
  pages={e291},
  doi={10.1002/sta4.291},
  year={2020},
  publisher={Wiley Online Library}
}

@article{andreou2002detecting,
  title={Detecting Multiple Breaks in Financial Market Volatility Dynamics},
  author={Andreou, Elena and Ghysels, Eric},
  journal={Journal of Applied Econometrics},
  volume={17},
  number={5},
  pages={579--600},
  year={2002},
  doi={10.1002/jae.684},
  publisher={Wiley Online Library}
}

@article{reeves2007review,
  title={A Review and Comparison of Changepoint Detection Techniques for Climate Data},
  author={Reeves, Jaxk and Chen, Jien and Wang, Xiaolan L and Lund, Robert and Lu, Qi Qi},
  journal={Journal of applied meteorology and climatology},
  volume={46},
  number={6},
  doi={10.1175/JAM2493.1},
  pages={900--915},
  year={2007}
}

@article{shi2022comparison,
  title={A Comparison of Single and Multiple Changepoint Techniques for Time Series Data},
  author={Shi, Xuesheng and Gallagher, Colin and Lund, Robert and Killick, Rebecca},
  journal={Computational Statistics \& Data Analysis},
  volume={170},
  pages={107433},
  year={2022},
  doi={10.1016/j.csda.2022.107433},
  publisher={Elsevier}
}

@article{truong2020selective,
  title={Selective Review of Offline Change Point Detection Methods},
  author={Truong, Charles and Oudre, Laurent and Vayatis, Nicolas},
  journal={Signal Processing},
  volume={167},
  pages={107299},
  year={2020},
  doi={10.1016/j.sigpro.2019.107299},
  publisher={Elsevier}
}

@article{aminikhanghahi2017survey,
  title={A Survey of Methods for Time Series Change Point Detection},
  author={Aminikhanghahi, Samaneh and Cook, Diane J},
  journal={Knowledge and Information Systems},
  volume={51},
  number={2},
  pages={339--367},
  year={2017},
  doi={10.1007/s10115-016-0987-z},
  publisher={Springer}
}

@article{killick2014changepoint,
  title={\pkg{changepoint}: {An \proglang{R}} Package for Changepoint Analysis},
  author={Killick, Rebecca and Eckley, Idris},
  journal={Journal of Statistical Software},
  volume={58},
  number={3},
  pages={1--19},
  doi={10.18637/jss.v058.i03},
  year={2014}
}
@article{runge2020gfpop,
  title={\pkg{gfpop}: an \proglang{R} Package for Univariate Graph-constrained Change-point Detection},
  author={Runge, Vincent and Hocking, Toby Dylan and Romano, Gaetano and Afghah, Fatemeh and Fearnhead, Paul and Rigaill, Guillem},
  journal={arXiv preprint arXiv:2002.03646},
  year={2020}
}
@article{anastasiou2022detecting,
  title={Detecting Multiple Generalized Change-points by Isolating Single Ones},
  author={Anastasiou, Andreas and Fryzlewicz, Piotr},
  journal={Metrika},
  volume={85},
  number={2},
  pages={141--174},
  year={2022},
  doi={10.1007/s00184-021-00821-6},
  publisher={Springer}
}
@article{meier2021mosum,
  title={\pkg{mosum}: A Package for Moving Sums in Change-point Analysis},
  author={Meier, Alexander and Kirch, Claudia and Cho, Haeran},
  journal={Journal of Statistical Software},
  volume={97},
  doi={10.18637/jss.v097.i08},
  pages={1--42},
  year={2021}
}

@article{pein2017heterogeneous,
  title={Heterogeneous Change Point Inference},
  author={Pein, Florian and Sieling, Hannes and Munk, Axel},
  journal={Journal of the Royal Statistical Society B},
  volume={79},
  number={4},
  pages={1207--1227},
  year={2017},
  doi={10.1111/rssb.12202},
  publisher={Wiley Online Library}
}

@article{frick2014multiscale,
  title={Multiscale Change Point Inference},
  author={Frick, Klaus and Munk, Axel and Sieling, Hannes},
  journal={Journal of the Royal Statistical Society B},
  volume={76},
  number={3},
  pages={495--580},
  doi={10.1111/rssb.12047},
  year={2014},
  publisher={Wiley Online Library}
}
@article{li2016fdr,
  title={{FDR}-control in Multiscale Change-point Segmentation},
  author={Li, Housen and Munk, Axel and Sieling, Hannes},
  journal={Electronic Journal of Statistics},
  volume={10},
  number={1},
  pages={918--959},
  year={2016},
  doi={10.1214/16-EJS1131},
  publisher={Institute of Mathematical Statistics and Bernoulli Society}
}

@article{james2015ecp,
  title={\pkg{ecp}: {An \proglang{R}} Package for Nonparametric Multiple Change Point Analysis of Multivariate Data},
  author={James, Nicholas A and Matteson, David S and others},
  journal={Journal of Statistical Software},
  volume={62},
  number={i07},
  pages={1-25},
  year={2015},
  doi={10.18637/jss.v062.i07},
  publisher={Foundation for Open Access Statistics}
}

@article{matteson2014nonparametric,
  title={A Nonparametric Approach for Multiple Change Point Analysis of Multivariate Data},
  author={Matteson, David S and James, Nicholas A},
  journal={Journal of the American Statistical Association},
  volume={109},
  number={505},
  pages={334--345},
  year={2014},
  doi={10.1080/01621459.2013.849605},
  publisher={Taylor \& Francis}
}

@article{haynes2017NP,
  title={A Computationally Efficient Nonparametric Approach for Changepoint Detection},
  author={Haynes, Kaylea and Fearnhead, Paul and Eckley, Idris A},
  journal={Statistics and Computing},
  volume={27},
  number={5},
  pages={1293--1305},
  year={2017},
  doi={10.1007/s11222-016-9687-5},
  publisher={Springer}
}
@article{wang2018high,
  title={High Dimensional Change Point Estimation via Sparse Projection},
  author={Wang, Tengyao and Samworth, Richard J},
  journal={Journal of the Royal Statistical Society B},
  volume={80},
  number={1},
  pages={57--83},
  doi={10.1111/rssb.12243},
  year={2018},
  publisher={Wiley Online Library}
}
@article{grundy2020high,
  title={High-dimensional Changepoint Detection via a Geometrically Inspired Mapping},
  author={Grundy, Thomas and Killick, Rebecca and Mihaylov, Gueorgui},
  journal={Statistics and Computing},
  volume={30},
  number={4},
  pages={1155--1166},
  year={2020},
  doi={10.1007/s11222-020-09940-y},
  publisher={Springer}
}
@article{erdman2008bcp,
  title={\pkg{bcp}: an \proglang{R} Package for Performing a Bayesian Analysis of Change Point Problems},
  author={Erdman, Chandra and Emerson, John W},
  journal={Journal of Statistical Software},
  volume={23},
  doi={10.18637/jss.v023.i03},
  pages={1--13},
  year={2008}
}
@article{richards2021impact,
  title={{The Impact of Climate Change on Ocean Submesoscale Activity}},
  author={Richards, Kelvin J and Whitt, Daniel Bridger and Brett, Genevieve and Bryan, Frank O and Feloy, Kate and Long, Matthew C},
  journal={Journal of Geophysical Research: Oceans},
  volume={126},
  number={5},
  pages={e2020JC016750},
  year={2021},
  doi={10.1029/2020JC016750},
  publisher={Wiley Online Library}
}
@article{romano2021fast,
  title={Fast Online Changepoint Detection via Functional Pruning CUSUM Statistics},
  author={Romano, Gaetano and Eckley, Idris and Fearnhead, Paul and Rigaill, Guillem},
  journal={arXiv preprint arXiv:2110.08205},
  year={2021}
}
@article{ross2015parametric,
  title={Parametric and Nonparametric Sequential Change Detection in \proglang{R}: {T}he \pkg{cpm} Package},
  author={Ross, Gordon J},
  journal={Journal of Statistical Software},
  volume={66},
  pages={1--20},
  doi={10.18637/jss.v066.i03},
  year={2015}
}

@article{cho2020multiple,
  title={Multiple Change Point Detection under Serial Dependence: Wild Energy Maximisation and Gappy Schwarz Criterion},
  author={Cho, Haeran and Fryzlewicz, Piotr},
  journal={arXiv preprint arXiv:2011.13884},
  year={2020}
}
@article{lebarbier2005detecting,
  title={Detecting Multiple Change-points in the Mean of Gaussian Process by Model Selection},
  author={Lebarbier, {\'E}milie},
  journal={Signal processing},
  volume={85},
  number={4},
  doi={10.1016/j.sigpro.2004.11.012},
  pages={717--736},
  year={2005},
  publisher={Elsevier}
}
@article{baudry2012slope,
  title={Slope Heuristics: Overview and Implementation},
  author={Baudry, Jean-Patrick and Maugis, Cathy and Michel, Bertrand},
  journal={Statistics and Computing},
  volume={22},
  number={2},
  pages={455--470},
  doi={10.1007/s11222-011-9236-1},
  year={2012},
  publisher={Springer}
}
@article{fryzlewicz2020detecting,
  title={Detecting Possibly Frequent Change-points: Wild Binary Segmentation 2 and Steepest-drop Model Selection},
  author={Fryzlewicz, Piotr},
  journal={Journal of the Korean Statistical Society},
  volume={49},
  number={4},
  pages={1027--1070},
  year={2020},
  doi={10.1007/s42952-020-00060-x},
  publisher={Springer}
}
@manual{richards2020data,
author={Richards, Kelvin J and Whitt, Daniel Bridger and Brett, Genevieve and Bryan, Frank O and Feloy, Kate and Long, Matthew C},
title={Climate Change Impact on Submesoscale ROMS Data},
year=2020,
url={https://zenodo.org/record/4615129#.Ysazwi8w2X0}
}

@manual{genlasso,
title  = {\pkg{genlasso}: Path Algorithm for Generalized Lasso Problems},
  author = {{Arnold, Taylor B and Tibshirani, Ryan J}},
  year   = {2020},
  url    = {https://github.com/glmgen/genlasso}
}
